@Book{Knuth1984,
  author    = {Donald E. Knuth},
  date      = {1984-01-01},
  title     = {The Art of Computer Programming},
  edition   = {2nd},
  publisher = {Addison-Wesley},
}

@Article{Yu2021,
  author    = {Chris Yu and Henrik Schumacher and Keenan Crane},
  date      = {2021-05-05},
  title     = {Repulsive Curves},
  doi       = {10.1145/3439429},
  pages     = {1–21},
  url       = {https://doi.org/10.1145/3439429},
  booktitle = {ACM Trans. Graph.},
  day       = {5},
  keywords  = {Computational design, curves, knots, shape optimization},
  location  = {New York, NY, USA},
  pagetotal = {21},
  publisher = {Association for Computing Machinery},
}

@Article{Buchin2023,
  author    = {Kevin Buchin and Chenglin Fan and Maarten Löffler and Aleksandr Popov and Benjamin Raichel and Marcel Roeloffzen},
  date      = {2023-07-14},
  title     = {Fréchet Distance for Uncertain Curves},
  doi       = {10.1145/3597640},
  pages     = {1–47},
  url       = {https://doi.org/10.1145/3597640},
  booktitle = {ACM Trans. Algorithms},
  day       = {14},
  keywords  = {Curves, Fréchet distance, hardness, uncertainty},
  location  = {New York, NY, USA},
  pagetotal = {47},
  publisher = {Association for Computing Machinery},
}

@Comment{jabref-meta: databaseType:biblatex;}
